@misc{IPA,
  title = {IPA 情報処理推進機構, \\
           \url{https://www.ipa.go.jp/}},
  url   = {https://www.ipa.go.jp/},
  note  = { \\ 2022/04/01 参照}
}

@article{Lebesgue,
  author = {吉田洋一},
  title  = {ルベグ積分入門},
  year   = {2015},
  note   = {\\ 2022/04/01 参照}
}